% This file was created with JabRef 2.10.
% Encoding: UTF8


@Book{anonymous2001,
  Title                    = {Der Neue Hacker's Guide: Sicherheit Im Internet Und Im lokalen Netz},
  Author                   = {anonymous},
  Year                     = {2001},
  Editor                   = {CHristian Alkemper and Marion Thomas},
  Note                     = {ST277 N481: Sicherheitsrichtlinien S. 714},
  Publisher                = {Markt+Technik Verlag, ein Imprint der Pearson Education Deutschland GmbH, Martin-Kollar-Straße 10-12, D-81829 München},

  Owner                    = {root},
  Timestamp                = {2014.10.20}
}

@Online{Beedle2001,
  Title                    = {Twelve Principles of Agile Software},
  Author                   = {Mike Beedle AND Arie van Bennekum AND Alistair Cockburn AND Ward Cunningham AND Martin Fowler AND James Grenning AND Jim Highsmith AND Andrew Hunt AND Ron Jeffries AND Jon Kern AND Brian Marick AND Robert C. Martin AND Steve Mellor AND Ken Schwaber AND Jeff Sutherland AND Dave Thomas},
  Url                      = {http://agilemanifesto.org/iso/en/principles.html},
  Year                     = {2001},
  Urldate                  = {2015-06-13},

  __markedentry            = {[sn0b4ll:1]},
  Owner                    = {sn0b4ll},
  Timestamp                = {2015.06.13}
}

@Book{Bidgoli2006,
  Title                    = {Handbook Of Information Security},
  Author                   = {Hossein Bidgoli},
  Year                     = {2006},
  Note                     = {ST277M B585: S. 7 Insider Threaths, 277 Physical Security},
  Publisher                = {John Wiley \& Sons, Inc., Hoboken, New Jersey},
  Volume                   = {3},

  Owner                    = {root},
  Timestamp                = {2014.10.20}
}

@Book{Eckert2012,
  Title                    = {IT-Sicherheit: Konzepte - Verfahren - Protokolle},
  Author                   = {Prof. Dr. CLaudia Eckert},
  Year                     = {2012},
  Note                     = {ST277 E19: Poliies 216, 905},
  Publisher                = {Oldenburgische Wissenschaftsverlag GmbH, Rosenheimer Straße 145, D-81671 München},

  Owner                    = {root},
  Timestamp                = {2014.10.20}
}

@Book{Gaspard2004,
  Title                    = {A Political Economy of Lebanon 1948-2002},
  Author                   = {Toufick Gaspard},
  Year                     = {2004},
  ISBN                     = {900413259 7},
  Pages                    = {5-7},
  Publisher                = {Koninklijke Brill NV, Leiden, The Netherlands},
  Subtitle                 = {The Limits of Laissez-faire},
  Url                      = {http://www.untag-smd.ac.id/files/Perpustakaan_Digital_2/POLITICAL%20ECONOMY%20A%20Political%20Economy%20of%20Lebanon,%201948-2002.%20The%20Limits%20of%20Laissez-faire.pdf},
  Urldate                  = {2015-06-16},

  __markedentry            = {[sn0b4ll:1]},
  Owner                    = {sn0b4ll},
  Timestamp                = {2015.06.13}
}

@Book{Gloger2014,
  Title                    = {Selbstorganisation braucht Führung},
  Author                   = {B. Gloger AND D. Rösner},
  Year                     = {2014},
  ISBN                     = {978-3-446-43828-6},
  Publisher                = {Carl Hanser Verlag München},

  __markedentry            = {[sn0b4ll:1]},
  Owner                    = {sn0b4ll},
  Timestamp                = {2015.06.10}
}

@Book{Maximini2014,
  Title                    = {Scrum - Einführung in der Unternehmenspraxis},
  Author                   = {Dominik Maximini},
  Year                     = {2014},
  ISBN                     = {978-3-642-34822-8},
  Publisher                = {Springer-Verlag Berlin Heidelberg},

  __markedentry            = {[sn0b4ll:1]},
  Owner                    = {sn0b4ll},
  Timestamp                = {2015.06.10}
}

@Online{Mittal2013,
  Title                    = {Self-Organizing Teams: What and How},
  Author                   = {Nitin Mittal},
  Url                      = {https://www.scrumalliance.org/community/articles/2013/january/self-organizing-teams-what-and-how},
  Year                     = {2013},
  Urldate                  = {2015-06-10},

  __markedentry            = {[sn0b4ll:1]},
  Owner                    = {sn0b4ll},
  Timestamp                = {2015.06.10}
}

@Book{Patwardhan2003,
  Title                    = {Perl in a Nutshell, 2nd Edition},
  Author                   = {N. Patwardhan and E. Siever and S. Spainhour},
  Year                     = {2003},
  Publisher                = {O'Reilly Verlag GmbH \& Co. KG},

  Owner                    = {root},
  Timestamp                = {2014.10.11}
}

@Book{Stamp2006,
  Title                    = {Information Security: Principles And Practice},
  Author                   = {Mark Stamp},
  Year                     = {2006},
  Note                     = {S. 281 Malware},
  Publisher                = {John Wiley \& Sons, Inc., Hoboken, New Jersey},

  Owner                    = {root},
  Timestamp                = {2014.10.20}
}

@Online{BadUSB,
  Title                    = {Bad USB},
  Url                      = {https://srlabs.de/badusb/},
  Urldate                  = {2014-11-03},

  Owner                    = {root},
  Timestamp                = {2014.11.03}
}

@Online{HackKreditkarten,
  Title                    = {AB Acquisition LLC Confirms Incident Involving Payment Card Data Processing},
  Url                      = {http://www.jewelosco.com/2014/08/ab-acquisition-llc-confirms-incident-involving-payment-card-data-processing/},
  Urldate                  = {2014-11-01},

  Owner                    = {root},
  Timestamp                = {2014.11.01}
}

@Online{HackKreditkarten2,
  Title                    = {Home Depot probes possible hack, could be larger than Target breach},
  Url                      = {http://www.denverpost.com/business/ci_26453916/data-stolen-from-11-colorado-goodwill-stores-home},
  Urldate                  = {2014-11-01},

  Owner                    = {root},
  Timestamp                = {2014.11.01}
}

@Online{Heartbleed,
  Title                    = {Heartbleed},
  Url                      = {https://cve.mitre.org/cgi-bin/cvename.cgi?name=CVE-2014-0160},
  Urldate                  = {2014-10-29},

  Owner                    = {root},
  Timestamp                = {2014.11.03}
}

@Online{McAffee,
  Title                    = {McAffee},
  Url                      = {http://csis.org/files/attachments/140609_McAfee_PDF.pdf},
  Urldate                  = {2014-10-29},

  Owner                    = {root},
  Timestamp                = {2014.10.29}
}

@Online{Metasploit,
  Title                    = {Metasploit},
  Url                      = {http://www.metasploit.com/},
  Urldate                  = {2014-11-03},

  Owner                    = {root},
  Timestamp                = {2014.11.03}
}

@Online{Meterpreter,
  Title                    = {Meterpreter},
  Url                      = {http://www.offensive-security.com/metasploit-unleashed/Meterpreter_Basics},
  Urldate                  = {2014-11-03},

  Owner                    = {root},
  Timestamp                = {2014.11.03}
}

@Online{Poodle,
  Title                    = {Poodle},
  Url                      = {https://cve.mitre.org/cgi-bin/cvename.cgi?name=CVE-2014-3566},
  Urldate                  = {2014-11-08},

  Owner                    = {root},
  Timestamp                = {2014.11.08}
}

@Online{Shellshock,
  Title                    = {Shellshock},
  Url                      = {https://cve.mitre.org/cgi-bin/cvename.cgi?name=CVE-2014-6271},
  Urldate                  = {2014-10-29},

  Owner                    = {root},
  Timestamp                = {2014.10.29}
}

@Online{Snowden,
  Title                    = {Snowden},
  Url                      = {https://www.theguardian.com/us-news/edward-snowden},
  Urldate                  = {2014-10-29},

  Owner                    = {root},
  Timestamp                = {2014.10.29}
}

@Online{Snowden2,
  Title                    = {Spionageaktivitäten auf Unternehmen},
  Url                      = {https://firstlook.org/theintercept/2014/10/10/core-secrets/},
  Urldate                  = {2014-11-03},

  Owner                    = {root},
  Timestamp                = {2014.11.03}
}

@Online{USBAbout,
  Title                    = {USB Implementers Forum, Inc.},
  Url                      = {http://www.usb.org/about},
  Urldate                  = {2014-10-29},

  Owner                    = {root},
  Timestamp                = {2014.10.29}
}

@Online{USBDesk,
  Title                    = {USB 2.0 Standart},
  Url                      = {http://www.usb.org/developers/docs/usb20_docs/#usb20spec},
  Urldate                  = {2014-10-29},

  Owner                    = {root},
  Timestamp                = {2014.10.29}
}

@Online{USBVendor,
  Title                    = {USB Vendor},
  Url                      = {http://www.usb.org/developers/vendor/},
  Urldate                  = {2014-10-29},

  Owner                    = {root},
  Timestamp                = {2014.10.29}
}

@comment{jabref-meta: selector_publisher:}

@comment{jabref-meta: selector_author:}

@comment{jabref-meta: selector_journal:}

@comment{jabref-meta: selector_keywords:John Wiley;}

